@article{ccrintro,
    author = {{Van Atteveldt}, Wouter and Margolin, Drew and Shen, Cuihua and Trilling, Damian and Weber, Ren{\'{e}}},
    doi = {10.5117/CCR2019.1.001.VANA},
    journal = {Computational Communication Research},
    number = {1},
    pages = {1--11},
    title = {{A roadmap for Computational Communication Research}},
    volume = {1},
    year = {2019},
    note = {Editorial to inaugural issue}
}

@article{araujo2022osd2f,
  title={OSD2F: An open-source data donation framework},
  author={Araujo, Theo and Ausloos, Jef and van Atteveldt, Wouter and Loecherbach, Felicia and Moeller, Judith and Ohme, Jakob and Trilling, Damian and van de Velde, Bob and De Vreese, Claes and Welbers, Kasper},
  journal={Computational Communication Research},
  volume={4},
  number={2},
  pages={372--387},
  year={2022},
  publisher={Amsterdam University Press Amsterdam}
}